<record><leader>00000cas a22000007a 4500</leader><controlfield tag="001">25926975</controlfield><controlfield tag="008">920602d18641864maucr ne      0    0eng d</controlfield><datafield ind1=" " ind2=" " tag="010"><subfield code="a">sn 92057007 </subfield></datafield><datafield ind1=" " ind2=" " tag="040"><subfield code="a">MGN</subfield><subfield code="b">eng</subfield><subfield code="c">MGN</subfield><subfield code="d">OCLCQ</subfield><subfield code="d">AQM</subfield></datafield><datafield ind1=" " ind2=" " tag="042"><subfield code="a">msc</subfield></datafield><datafield ind1="0" ind2="4" tag="245"><subfield code="a">The Campaign for the Union.</subfield></datafield><datafield ind1=" " ind2=" " tag="260"><subfield code="a">Boston [Mass.] :</subfield><subfield code="b">An Association</subfield></datafield><datafield ind1=" " ind2=" " tag="300"><subfield code="a">v.</subfield></datafield><datafield ind1=" " ind2=" " tag="310"><subfield code="a">Semiweekly</subfield></datafield><datafield ind1="0" ind2=" " tag="362"><subfield code="a">Vol. 1, no. 1 (Oct. 8, 1864)-</subfield></datafield><datafield ind1="1" ind2=" " tag="362"><subfield code="a">Ceased Nov. 8, 1864?</subfield></datafield><datafield ind1=" " ind2=" " tag="500"><subfield code="a">Campaign paper.</subfield></datafield><datafield ind1=" " ind2="7" tag="655"><subfield code="a">Campaign newspapers.</subfield><subfield code="2">ngl</subfield></datafield><datafield ind1=" " ind2=" " tag="752"><subfield code="a">United States</subfield><subfield code="b">Massachusetts</subfield><subfield code="c">Suffolk</subfield><subfield code="d">Boston.</subfield></datafield></record>